
@booklet{LSHTM,
	author = {London School of Hygiene and Tropical Medicine},
	title = {Basic Statistics for PHP students Exam Formulae},
	date = {2019},
}

